<Document>
	<BkToCstmrStmt>
		<GrpHdr>
			<MsgId>IPS-SABC-14010322T1345-03-1.stmt</MsgId>
			<CreDtTm>1401-03-22T13:46:01</CreDtTm>
			<MsgPgntn>
				<PgNb>1</PgNb>
				<LastPgInd>true</LastPgInd>
			</MsgPgntn>
			<AddtlInf>1401-03-22T10:45:00.1401-03-22T13:45:00.03</AddtlInf>
		</GrpHdr>
		<Stmt>
			<Id>IPS-SABC-14010322T1345-03-1.stmt</Id>
			<CreDtTm>1401-03-22T13:46:01</CreDtTm>
			<Acct>
				<Id>
					<Othr>
						<Id>SABCIRTHXXX</Id>
					</Othr>
				</Id>
			</Acct>
			<Bal>
				<Tp>
					<CdOrPrtry>
						<Cd>CLBD</Cd>
					</CdOrPrtry>
				</Tp>
				<Amt Ccy="IRR">11693694239</Amt>
				<CdtDbtInd>DBIT</CdtDbtInd>
				<Dt>
					<DtTm>1401-03-22T13:46:01</DtTm>
				</Dt>
			</Bal>
			<Ntry>
				<Amt Ccy="IRR">3000000</Amt>
				<CdtDbtInd>DBIT</CdtDbtInd>
				<RvslInd>false</RvslInd>
				<Sts>BOOK</Sts>
				<ValDt>
					<DtTm>1401-03-22T12:33:05</DtTm>
				</ValDt>
				<BkTxCd>
					<Prtry>
						<Cd>pacs.008.001.01</Cd>
					</Prtry>
				</BkTxCd>
				<Chrgs>
					<Rcrd>
						<Amt Ccy="IRR">1500</Amt>
						<CdtDbtInd>DBIT</CdtDbtInd>
					</Rcrd>
				</Chrgs>
				<NtryDtls>
					<TxDtls>
						<Refs>
							<EndToEndId>140103220563549241318</EndToEndId>
							<TxId>SABC14010322123301549241319</TxId>
						</Refs>
						<Amt Ccy="IRR">3000000</Amt>
						<CdtDbtInd>DBIT</CdtDbtInd>
						<RltdPties>
							<Dbtr>
								<Nm>عرفان دریس</Nm>
							</Dbtr>
							<DbtrAcct>
								<Id>
									<IBAN>IR670560611828005157572701</IBAN>
								</Id>
							</DbtrAcct>
							<Cdtr>
								<Nm>مواهب موسوی</Nm>
							</Cdtr>
							<CdtrAcct>
								<Id>
									<IBAN>IR890130100000000230618170</IBAN>
								</Id>
							</CdtrAcct>
						</RltdPties>
						<RltdAgts>
							<DbtrAgt>
								<FinInstnId>
									<BICFI>SABCIRTHXXX</BICFI>
								</FinInstnId>
								<BrnchId>
									<Id>B6118-P03</Id>
								</BrnchId>
							</DbtrAgt>
							<CdtrAgt>
								<FinInstnId>
									<BICFI>REFAIRTHXXX</BICFI>
								</FinInstnId>
								<BrnchId />
							</CdtrAgt>
						</RltdAgts>
					</TxDtls>
				</NtryDtls>
			</Ntry>
			<Ntry>
				<Amt Ccy="IRR">200000</Amt>
				<CdtDbtInd>DBIT</CdtDbtInd>
				<RvslInd>false</RvslInd>
				<Sts>BOOK</Sts>
				<ValDt>
					<DtTm>1401-03-22T12:33:11</DtTm>
				</ValDt>
				<BkTxCd>
					<Prtry>
						<Cd>pacs.008.001.01</Cd>
					</Prtry>
				</BkTxCd>
				<Chrgs>
					<Rcrd>
						<Amt Ccy="IRR">1500</Amt>
						<CdtDbtInd>DBIT</CdtDbtInd>
					</Rcrd>
				</Chrgs>
				<NtryDtls>
					<TxDtls>
						<Refs>
							<EndToEndId>140103220563549241322</EndToEndId>
							<TxId>SABC14010322123310549241323</TxId>
						</Refs>
						<Amt Ccy="IRR">200000</Amt>
						<CdtDbtInd>DBIT</CdtDbtInd>
						<RltdPties>
							<Dbtr>
								<Nm>سیدبهنام سلیلی رستمی</Nm>
							</Dbtr>
							<DbtrAcct>
								<Id>
									<IBAN>IR870560611828005174215601</IBAN>
								</Id>
							</DbtrAcct>
							<Cdtr>
								<Nm>سید سامان سلیلی  رستمی</Nm>
							</Cdtr>
							<CdtrAcct>
								<Id>
									<IBAN>IR870170000000219075250001</IBAN>
								</Id>
							</CdtrAcct>
						</RltdPties>
						<RltdAgts>
							<DbtrAgt>
								<FinInstnId>
									<BICFI>SABCIRTHXXX</BICFI>
								</FinInstnId>
								<BrnchId>
									<Id>B6118-P03</Id>
								</BrnchId>
							</DbtrAgt>
							<CdtrAgt>
								<FinInstnId>
									<BICFI>MELIIRTHXXX</BICFI>
								</FinInstnId>
								<BrnchId>
									<Id>B1708893-P01</Id>
								</BrnchId>
							</CdtrAgt>
						</RltdAgts>
					</TxDtls>
				</NtryDtls>
			</Ntry>
			<Ntry>
				<Amt Ccy="IRR">8000000</Amt>
				<CdtDbtInd>DBIT</CdtDbtInd>
				<RvslInd>false</RvslInd>
				<Sts>BOOK</Sts>
				<ValDt>
					<DtTm>1401-03-22T12:33:26</DtTm>
				</ValDt>
				<BkTxCd>
					<Prtry>
						<Cd>pacs.008.001.01</Cd>
					</Prtry>
				</BkTxCd>
				<Chrgs>
					<Rcrd>
						<Amt Ccy="IRR">1500</Amt>
						<CdtDbtInd>DBIT</CdtDbtInd>
					</Rcrd>
				</Chrgs>
				<NtryDtls>
					<TxDtls>
						<Refs>
							<EndToEndId>140103220563851238867</EndToEndId>
							<TxId>SABC14010322123324851238868</TxId>
						</Refs>
						<Amt Ccy="IRR">8000000</Amt>
						<CdtDbtInd>DBIT</CdtDbtInd>
						<RltdPties>
							<Dbtr>
								<Nm>مرتضی مهرابی</Nm>
							</Dbtr>
							<DbtrAcct>
								<Id>
									<IBAN>IR690560611828005185575401</IBAN>
								</Id>
							</DbtrAcct>
							<Cdtr>
								<Nm>منصور لشکری</Nm>
							</Cdtr>
							<CdtrAcct>
								<Id>
									<IBAN>IR100700001000118800383001</IBAN>
								</Id>
							</CdtrAcct>
						</RltdPties>
						<RltdAgts>
							<DbtrAgt>
								<FinInstnId>
									<BICFI>SABCIRTHXXX</BICFI>
								</FinInstnId>
								<BrnchId>
									<Id>B6118-P03</Id>
								</BrnchId>
							</DbtrAgt>
							<CdtrAgt>
								<FinInstnId>
									<BICFI>RESAIRTHXXX</BICFI>
								</FinInstnId>
								<BrnchId>
									<Id>B0000010-P01</Id>
								</BrnchId>
							</CdtrAgt>
						</RltdAgts>
					</TxDtls>
				</NtryDtls>
			</Ntry>
			<Ntry>
				<Amt Ccy="IRR">500000</Amt>
				<CdtDbtInd>DBIT</CdtDbtInd>
				<RvslInd>false</RvslInd>
				<Sts>BOOK</Sts>
				<ValDt>
					<DtTm>1401-03-22T12:33:30</DtTm>
				</ValDt>
				<BkTxCd>
					<Prtry>
						<Cd>pacs.008.001.01</Cd>
					</Prtry>
				</BkTxCd>
				<Chrgs>
					<Rcrd>
						<Amt Ccy="IRR">1500</Amt>
						<CdtDbtInd>DBIT</CdtDbtInd>
					</Rcrd>
				</Chrgs>
				<NtryDtls>
					<TxDtls>
						<Refs>
							<EndToEndId>140103220563851238871</EndToEndId>
							<TxId>SABC14010322123328851238872</TxId>
						</Refs>
						<Amt Ccy="IRR">500000</Amt>
						<CdtDbtInd>DBIT</CdtDbtInd>
						<RltdPties>
							<Dbtr>
								<Nm>علی رضائیان منشادی</Nm>
							</Dbtr>
							<DbtrAcct>
								<Id>
									<IBAN>IR430560611828005118855001</IBAN>
								</Id>
							</DbtrAcct>
							<Cdtr>
								<Nm>حسن رضائیان منشادی</Nm>
							</Cdtr>
							<CdtrAcct>
								<Id>
									<IBAN>IR130690271701201571272001</IBAN>
								</Id>
							</CdtrAcct>
						</RltdPties>
						<RltdAgts>
							<DbtrAgt>
								<FinInstnId>
									<BICFI>SABCIRTHXXX</BICFI>
								</FinInstnId>
								<BrnchId>
									<Id>B6118-P03</Id>
								</BrnchId>
							</DbtrAgt>
							<CdtrAgt>
								<FinInstnId>
									<BICFI>IRZAIRTHXXX</BICFI>
								</FinInstnId>
								<BrnchId>
									<Id>B6927171-P03</Id>
								</BrnchId>
							</CdtrAgt>
						</RltdAgts>
					</TxDtls>
				</NtryDtls>
			</Ntry>
			<Ntry>
				<Amt Ccy="IRR">280000</Amt>
				<CdtDbtInd>DBIT</CdtDbtInd>
				<RvslInd>false</RvslInd>
				<Sts>BOOK</Sts>
				<ValDt>
					<DtTm>1401-03-22T12:33:46</DtTm>
				</ValDt>
				<BkTxCd>
					<Prtry>
						<Cd>pacs.008.001.01</Cd>
					</Prtry>
				</BkTxCd>
				<Chrgs>
					<Rcrd>
						<Amt Ccy="IRR">1500</Amt>
						<CdtDbtInd>DBIT</CdtDbtInd>
					</Rcrd>
				</Chrgs>
				<NtryDtls>
					<TxDtls>
						<Refs>
							<EndToEndId>140103220563851238875</EndToEndId>
							<TxId>SABC14010322123344851238876</TxId>
						</Refs>
						<Amt Ccy="IRR">280000</Amt>
						<CdtDbtInd>DBIT</CdtDbtInd>
						<RltdPties>
							<Dbtr>
								<Nm>صالح گودرزی</Nm>
							</Dbtr>
							<DbtrAcct>
								<Id>
									<IBAN>IR140560611828005148923001</IBAN>
								</Id>
							</DbtrAcct>
							<Cdtr>
								<Nm>عطاءالله ثبوتی مهجوری</Nm>
							</Cdtr>
							<CdtrAcct>
								<Id>
									<IBAN>IR970120020000005274791393</IBAN>
								</Id>
							</CdtrAcct>
						</RltdPties>
						<RltdAgts>
							<DbtrAgt>
								<FinInstnId>
									<BICFI>SABCIRTHXXX</BICFI>
								</FinInstnId>
								<BrnchId>
									<Id>B6118-P03</Id>
								</BrnchId>
							</DbtrAgt>
							<CdtrAgt>
								<FinInstnId>
									<BICFI>BKMTIRTHXXX</BICFI>
								</FinInstnId>
								<BrnchId />
							</CdtrAgt>
						</RltdAgts>
					</TxDtls>
				</NtryDtls>
			</Ntry>
		</Stmt>
	</BkToCstmrStmt>
</Document>